<?xml version="1.0" encoding="UTF-8"?><collection xmlns="http://www.loc.gov/MARC21/slim"><record><leader>00457nam--2200169-i-4500</leader><controlfield tag="001">000029212</controlfield><controlfield tag="002">20161230</controlfield><controlfield tag="005">20170129004607</controlfield><controlfield tag="008">060222s1000------------r-----000-0-eng-d</controlfield><datafield ind1=" " ind2=" " tag="080"><subfield code="a">621.762.5(061.3)</subfield></datafield><datafield ind1=" " ind2=" " tag="245"><subfield code="a">Sintering and related phenomena. Proceedings</subfield></datafield><datafield ind1=" " ind2=" " tag="260"><subfield code="a">New York</subfield><subfield code="b">Gordon And Breach, Science Publishers</subfield><subfield code="c">1967</subfield></datafield><datafield ind1=" " ind2=" " tag="300"><subfield code="a">IX + 894 p</subfield></datafield><datafield ind1=" " ind2=" " tag="490"><subfield code="a">Proceedings</subfield></datafield><datafield ind1=" " ind2=" " tag="700"><subfield code="a">Hooton, N. A</subfield></datafield><datafield ind1=" " ind2=" " tag="852"><subfield code="a">42716</subfield></datafield><datafield ind1=" " ind2=" " tag="CAT"><subfield code="a">SYS</subfield><subfield code="c">20170129</subfield><subfield code="h">004607</subfield></datafield></record></collection>